%YAML 1.1
%TAG !u! tag:unity3d.com,2011:
--- !u!29 &1
OcclusionCullingSettings:
  m_ObjectHideFlags: 0
  serializedVersion: 2
  m_OcclusionBakeSettings:
    smallestOccluder: 5
    smallestHole: 0.25
    backfaceThreshold: 100
  m_SceneGUID: 00000000000000000000000000000000
  m_OcclusionCullingData: {fileID: 0}
--- !u!104 &2
RenderSettings:
  m_ObjectHideFlags: 0
  serializedVersion: 9
  m_Fog: 0
  m_FogColor: {r: 0.5, g: 0.5, b: 0.5, a: 1}
  m_FogMode: 3
  m_FogDensity: 0.01
  m_LinearFogStart: 0
  m_LinearFogEnd: 300
  m_AmbientSkyColor: {r: 0.212, g: 0.227, b: 0.259, a: 1}
  m_AmbientEquatorColor: {r: 0.114, g: 0.125, b: 0.133, a: 1}
  m_AmbientGroundColor: {r: 0.047, g: 0.043, b: 0.035, a: 1}
  m_AmbientIntensity: 1
  m_AmbientMode: 0
  m_SubtractiveShadowColor: {r: 0.42, g: 0.478, b: 0.627, a: 1}
  m_SkyboxMaterial: {fileID: 10304, guid: 0000000000000000f000000000000000, type: 0}
  m_HaloStrength: 0.5
  m_FlareStrength: 1
  m_FlareFadeSpeed: 3
  m_HaloTexture: {fileID: 0}
  m_SpotCookie: {fileID: 10001, guid: 0000000000000000e000000000000000, type: 0}
  m_DefaultReflectionMode: 0
  m_DefaultReflectionResolution: 128
  m_ReflectionBounces: 1
  m_ReflectionIntensity: 1
  m_CustomReflection: {fileID: 0}
  m_Sun: {fileID: 0}
  m_IndirectSpecularColor: {r: 0.44657898, g: 0.4964133, b: 0.5748178, a: 1}
  m_UseRadianceAmbientProbe: 0
--- !u!157 &3
LightmapSettings:
  m_ObjectHideFlags: 0
  serializedVersion: 11
  m_GIWorkflowMode: 0
  m_GISettings:
    serializedVersion: 2
    m_BounceScale: 1
    m_IndirectOutputScale: 1
    m_AlbedoBoost: 1
    m_EnvironmentLightingMode: 0
    m_EnableBakedLightmaps: 1
    m_EnableRealtimeLightmaps: 1
  m_LightmapEditorSettings:
    serializedVersion: 10
    m_Resolution: 2
    m_BakeResolution: 40
    m_AtlasSize: 1024
    m_AO: 0
    m_AOMaxDistance: 1
    m_CompAOExponent: 1
    m_CompAOExponentDirect: 0
    m_Padding: 2
    m_LightmapParameters: {fileID: 0}
    m_LightmapsBakeMode: 1
    m_TextureCompression: 1
    m_FinalGather: 0
    m_FinalGatherFiltering: 1
    m_FinalGatherRayCount: 256
    m_ReflectionCompression: 2
    m_MixedBakeMode: 2
    m_BakeBackend: 1
    m_PVRSampling: 1
    m_PVRDirectSampleCount: 32
    m_PVRSampleCount: 500
    m_PVRBounces: 2
    m_PVRFilterTypeDirect: 0
    m_PVRFilterTypeIndirect: 0
    m_PVRFilterTypeAO: 0
    m_PVRFilteringMode: 1
    m_PVRCulling: 1
    m_PVRFilteringGaussRadiusDirect: 1
    m_PVRFilteringGaussRadiusIndirect: 5
    m_PVRFilteringGaussRadiusAO: 2
    m_PVRFilteringAtrousPositionSigmaDirect: 0.5
    m_PVRFilteringAtrousPositionSigmaIndirect: 2
    m_PVRFilteringAtrousPositionSigmaAO: 1
    m_ShowResolutionOverlay: 1
  m_LightingDataAsset: {fileID: 0}
  m_UseShadowmask: 1
--- !u!196 &4
NavMeshSettings:
  serializedVersion: 2
  m_ObjectHideFlags: 0
  m_BuildSettings:
    serializedVersion: 2
    agentTypeID: 0
    agentRadius: 0.5
    agentHeight: 2
    agentSlope: 45
    agentClimb: 0.4
    ledgeDropHeight: 0
    maxJumpAcrossDistance: 0
    minRegionArea: 2
    manualCellSize: 0
    cellSize: 0.16666667
    manualTileSize: 0
    tileSize: 256
    accuratePlacement: 0
    debug:
      m_Flags: 0
  m_NavMeshData: {fileID: 0}
--- !u!1 &51139903
GameObject:
  m_ObjectHideFlags: 0
  m_CorrespondingSourceObject: {fileID: 0}
  m_PrefabInstance: {fileID: 0}
  m_PrefabAsset: {fileID: 0}
  serializedVersion: 6
  m_Component:
  - component: {fileID: 51139905}
  - component: {fileID: 51139904}
  m_Layer: 0
  m_Name: Directional Light
  m_TagString: Untagged
  m_Icon: {fileID: 0}
  m_NavMeshLayer: 0
  m_StaticEditorFlags: 0
  m_IsActive: 1
--- !u!108 &51139904
Light:
  m_ObjectHideFlags: 0
  m_CorrespondingSourceObject: {fileID: 0}
  m_PrefabInstance: {fileID: 0}
  m_PrefabAsset: {fileID: 0}
  m_GameObject: {fileID: 51139903}
  m_Enabled: 1
  serializedVersion: 8
  m_Type: 1
  m_Color: {r: 1, g: 0.95686275, b: 0.8392157, a: 1}
  m_Intensity: 1
  m_Range: 10
  m_SpotAngle: 30
  m_CookieSize: 10
  m_Shadows:
    m_Type: 2
    m_Resolution: -1
    m_CustomResolution: -1
    m_Strength: 1
    m_Bias: 0.05
    m_NormalBias: 0.4
    m_NearPlane: 0.2
  m_Cookie: {fileID: 0}
  m_DrawHalo: 0
  m_Flare: {fileID: 0}
  m_RenderMode: 0
  m_CullingMask:
    serializedVersion: 2
    m_Bits: 4294967295
  m_Lightmapping: 4
  m_LightShadowCasterMode: 0
  m_AreaSize: {x: 1, y: 1}
  m_BounceIntensity: 1
  m_ColorTemperature: 6570
  m_UseColorTemperature: 0
  m_ShadowRadius: 0
  m_ShadowAngle: 0
--- !u!4 &51139905
Transform:
  m_ObjectHideFlags: 0
  m_CorrespondingSourceObject: {fileID: 0}
  m_PrefabInstance: {fileID: 0}
  m_PrefabAsset: {fileID: 0}
  m_GameObject: {fileID: 51139903}
  m_LocalRotation: {x: 0.40821788, y: -0.23456968, z: 0.10938163, w: 0.8754261}
  m_LocalPosition: {x: 0, y: 3, z: 0}
  m_LocalScale: {x: 1, y: 1, z: 1}
  m_Children: []
  m_Father: {fileID: 0}
  m_RootOrder: 0
  m_LocalEulerAnglesHint: {x: 50, y: -30, z: 0}
--- !u!1001 &173601752
PrefabInstance:
  m_ObjectHideFlags: 0
  serializedVersion: 2
  m_Modification:
    m_TransformParent: {fileID: 0}
    m_Modifications:
    - target: {fileID: 3957565291284608044, guid: 80aa466703a679343a19fd4b844d6d80,
        type: 3}
      propertyPath: m_textInfo.characterCount
      value: 11
      objectReference: {fileID: 0}
    - target: {fileID: 3957565291284608044, guid: 80aa466703a679343a19fd4b844d6d80,
        type: 3}
      propertyPath: m_textInfo.spaceCount
      value: 1
      objectReference: {fileID: 0}
    - target: {fileID: 3957565291284608044, guid: 80aa466703a679343a19fd4b844d6d80,
        type: 3}
      propertyPath: m_textInfo.wordCount
      value: 2
      objectReference: {fileID: 0}
    - target: {fileID: 3957565291284608044, guid: 80aa466703a679343a19fd4b844d6d80,
        type: 3}
      propertyPath: m_textInfo.lineCount
      value: 1
      objectReference: {fileID: 0}
    - target: {fileID: 3957565291284608044, guid: 80aa466703a679343a19fd4b844d6d80,
        type: 3}
      propertyPath: m_textInfo.pageCount
      value: 1
      objectReference: {fileID: 0}
    - target: {fileID: 3957565291284608044, guid: 80aa466703a679343a19fd4b844d6d80,
        type: 3}
      propertyPath: m_text
      value: Alga marina
      objectReference: {fileID: 0}
    - target: {fileID: 3957565291405976888, guid: 80aa466703a679343a19fd4b844d6d80,
        type: 3}
      propertyPath: m_textInfo.characterCount
      value: 16
      objectReference: {fileID: 0}
    - target: {fileID: 3957565291405976888, guid: 80aa466703a679343a19fd4b844d6d80,
        type: 3}
      propertyPath: m_textInfo.spaceCount
      value: 2
      objectReference: {fileID: 0}
    - target: {fileID: 3957565291405976888, guid: 80aa466703a679343a19fd4b844d6d80,
        type: 3}
      propertyPath: m_textInfo.wordCount
      value: 3
      objectReference: {fileID: 0}
    - target: {fileID: 3957565291405976888, guid: 80aa466703a679343a19fd4b844d6d80,
        type: 3}
      propertyPath: m_textInfo.lineCount
      value: 1
      objectReference: {fileID: 0}
    - target: {fileID: 3957565291405976888, guid: 80aa466703a679343a19fd4b844d6d80,
        type: 3}
      propertyPath: m_textInfo.pageCount
      value: 1
      objectReference: {fileID: 0}
    - target: {fileID: 3957565291405976888, guid: 80aa466703a679343a19fd4b844d6d80,
        type: 3}
      propertyPath: m_text
      value: Meduse e granchi
      objectReference: {fileID: 0}
    - target: {fileID: 3957565291425812560, guid: 80aa466703a679343a19fd4b844d6d80,
        type: 3}
      propertyPath: m_OnClick.m_PersistentCalls.m_Calls.Array.size
      value: 1
      objectReference: {fileID: 0}
    - target: {fileID: 3957565291425812560, guid: 80aa466703a679343a19fd4b844d6d80,
        type: 3}
      propertyPath: m_OnClick.m_PersistentCalls.m_Calls.Array.data[0].m_Mode
      value: 1
      objectReference: {fileID: 0}
    - target: {fileID: 3957565291425812560, guid: 80aa466703a679343a19fd4b844d6d80,
        type: 3}
      propertyPath: m_OnClick.m_PersistentCalls.m_Calls.Array.data[0].m_CallState
      value: 2
      objectReference: {fileID: 0}
    - target: {fileID: 3957565291425812560, guid: 80aa466703a679343a19fd4b844d6d80,
        type: 3}
      propertyPath: m_OnClick.m_PersistentCalls.m_Calls.Array.data[0].m_Target
      value: 
      objectReference: {fileID: 173601759}
    - target: {fileID: 3957565291425812560, guid: 80aa466703a679343a19fd4b844d6d80,
        type: 3}
      propertyPath: m_OnClick.m_PersistentCalls.m_Calls.Array.data[0].m_MethodName
      value: OnAnswerClick
      objectReference: {fileID: 0}
    - target: {fileID: 3957565291425812560, guid: 80aa466703a679343a19fd4b844d6d80,
        type: 3}
      propertyPath: m_OnClick.m_PersistentCalls.m_Calls.Array.data[0].m_Arguments.m_ObjectArgumentAssemblyTypeName
      value: UnityEngine.Object, UnityEngine
      objectReference: {fileID: 0}
    - target: {fileID: 3957565291567418509, guid: 80aa466703a679343a19fd4b844d6d80,
        type: 3}
      propertyPath: m_textInfo.characterCount
      value: 20
      objectReference: {fileID: 0}
    - target: {fileID: 3957565291567418509, guid: 80aa466703a679343a19fd4b844d6d80,
        type: 3}
      propertyPath: m_textInfo.spaceCount
      value: 2
      objectReference: {fileID: 0}
    - target: {fileID: 3957565291567418509, guid: 80aa466703a679343a19fd4b844d6d80,
        type: 3}
      propertyPath: m_textInfo.wordCount
      value: 3
      objectReference: {fileID: 0}
    - target: {fileID: 3957565291567418509, guid: 80aa466703a679343a19fd4b844d6d80,
        type: 3}
      propertyPath: m_textInfo.lineCount
      value: 1
      objectReference: {fileID: 0}
    - target: {fileID: 3957565291567418509, guid: 80aa466703a679343a19fd4b844d6d80,
        type: 3}
      propertyPath: m_textInfo.pageCount
      value: 1
      objectReference: {fileID: 0}
    - target: {fileID: 3957565291567418509, guid: 80aa466703a679343a19fd4b844d6d80,
        type: 3}
      propertyPath: m_text
      value: Ombrelloni e lettini
      objectReference: {fileID: 0}
    - target: {fileID: 3957565291630273119, guid: 80aa466703a679343a19fd4b844d6d80,
        type: 3}
      propertyPath: m_textInfo.characterCount
      value: 21
      objectReference: {fileID: 0}
    - target: {fileID: 3957565291630273119, guid: 80aa466703a679343a19fd4b844d6d80,
        type: 3}
      propertyPath: m_textInfo.spaceCount
      value: 2
      objectReference: {fileID: 0}
    - target: {fileID: 3957565291630273119, guid: 80aa466703a679343a19fd4b844d6d80,
        type: 3}
      propertyPath: m_textInfo.wordCount
      value: 3
      objectReference: {fileID: 0}
    - target: {fileID: 3957565291630273119, guid: 80aa466703a679343a19fd4b844d6d80,
        type: 3}
      propertyPath: m_textInfo.lineCount
      value: 1
      objectReference: {fileID: 0}
    - target: {fileID: 3957565291630273119, guid: 80aa466703a679343a19fd4b844d6d80,
        type: 3}
      propertyPath: m_textInfo.pageCount
      value: 1
      objectReference: {fileID: 0}
    - target: {fileID: 3957565291630273119, guid: 80aa466703a679343a19fd4b844d6d80,
        type: 3}
      propertyPath: m_text
      value: Rifiuti sulle spiagge
      objectReference: {fileID: 0}
    - target: {fileID: 3957565291875154603, guid: 80aa466703a679343a19fd4b844d6d80,
        type: 3}
      propertyPath: m_LocalPosition.x
      value: 0
      objectReference: {fileID: 0}
    - target: {fileID: 3957565291875154603, guid: 80aa466703a679343a19fd4b844d6d80,
        type: 3}
      propertyPath: m_LocalPosition.y
      value: 0
      objectReference: {fileID: 0}
    - target: {fileID: 3957565291875154603, guid: 80aa466703a679343a19fd4b844d6d80,
        type: 3}
      propertyPath: m_LocalPosition.z
      value: 0
      objectReference: {fileID: 0}
    - target: {fileID: 3957565291875154603, guid: 80aa466703a679343a19fd4b844d6d80,
        type: 3}
      propertyPath: m_LocalRotation.x
      value: 0
      objectReference: {fileID: 0}
    - target: {fileID: 3957565291875154603, guid: 80aa466703a679343a19fd4b844d6d80,
        type: 3}
      propertyPath: m_LocalRotation.y
      value: 0
      objectReference: {fileID: 0}
    - target: {fileID: 3957565291875154603, guid: 80aa466703a679343a19fd4b844d6d80,
        type: 3}
      propertyPath: m_LocalRotation.z
      value: 0
      objectReference: {fileID: 0}
    - target: {fileID: 3957565291875154603, guid: 80aa466703a679343a19fd4b844d6d80,
        type: 3}
      propertyPath: m_LocalRotation.w
      value: 1
      objectReference: {fileID: 0}
    - target: {fileID: 3957565291875154603, guid: 80aa466703a679343a19fd4b844d6d80,
        type: 3}
      propertyPath: m_RootOrder
      value: 1
      objectReference: {fileID: 0}
    - target: {fileID: 3957565291875154603, guid: 80aa466703a679343a19fd4b844d6d80,
        type: 3}
      propertyPath: m_LocalEulerAnglesHint.x
      value: 0
      objectReference: {fileID: 0}
    - target: {fileID: 3957565291875154603, guid: 80aa466703a679343a19fd4b844d6d80,
        type: 3}
      propertyPath: m_LocalEulerAnglesHint.y
      value: 0
      objectReference: {fileID: 0}
    - target: {fileID: 3957565291875154603, guid: 80aa466703a679343a19fd4b844d6d80,
        type: 3}
      propertyPath: m_LocalEulerAnglesHint.z
      value: 0
      objectReference: {fileID: 0}
    - target: {fileID: 3957565291875154603, guid: 80aa466703a679343a19fd4b844d6d80,
        type: 3}
      propertyPath: m_AnchoredPosition.x
      value: 0
      objectReference: {fileID: 0}
    - target: {fileID: 3957565291875154603, guid: 80aa466703a679343a19fd4b844d6d80,
        type: 3}
      propertyPath: m_AnchoredPosition.y
      value: 0
      objectReference: {fileID: 0}
    - target: {fileID: 3957565291875154603, guid: 80aa466703a679343a19fd4b844d6d80,
        type: 3}
      propertyPath: m_SizeDelta.x
      value: 0
      objectReference: {fileID: 0}
    - target: {fileID: 3957565291875154603, guid: 80aa466703a679343a19fd4b844d6d80,
        type: 3}
      propertyPath: m_SizeDelta.y
      value: 0
      objectReference: {fileID: 0}
    - target: {fileID: 3957565291875154603, guid: 80aa466703a679343a19fd4b844d6d80,
        type: 3}
      propertyPath: m_AnchorMin.x
      value: 0
      objectReference: {fileID: 0}
    - target: {fileID: 3957565291875154603, guid: 80aa466703a679343a19fd4b844d6d80,
        type: 3}
      propertyPath: m_AnchorMin.y
      value: 0
      objectReference: {fileID: 0}
    - target: {fileID: 3957565291875154603, guid: 80aa466703a679343a19fd4b844d6d80,
        type: 3}
      propertyPath: m_AnchorMax.x
      value: 0
      objectReference: {fileID: 0}
    - target: {fileID: 3957565291875154603, guid: 80aa466703a679343a19fd4b844d6d80,
        type: 3}
      propertyPath: m_AnchorMax.y
      value: 0
      objectReference: {fileID: 0}
    - target: {fileID: 3957565291875154603, guid: 80aa466703a679343a19fd4b844d6d80,
        type: 3}
      propertyPath: m_Pivot.x
      value: 0
      objectReference: {fileID: 0}
    - target: {fileID: 3957565291875154603, guid: 80aa466703a679343a19fd4b844d6d80,
        type: 3}
      propertyPath: m_Pivot.y
      value: 0
      objectReference: {fileID: 0}
    - target: {fileID: 3957565291875154607, guid: 80aa466703a679343a19fd4b844d6d80,
        type: 3}
      propertyPath: m_Name
      value: Canvas
      objectReference: {fileID: 0}
    - target: {fileID: 3957565292638526862, guid: 80aa466703a679343a19fd4b844d6d80,
        type: 3}
      propertyPath: m_textInfo.characterCount
      value: 61
      objectReference: {fileID: 0}
    - target: {fileID: 3957565292638526862, guid: 80aa466703a679343a19fd4b844d6d80,
        type: 3}
      propertyPath: m_textInfo.spaceCount
      value: 5
      objectReference: {fileID: 0}
    - target: {fileID: 3957565292638526862, guid: 80aa466703a679343a19fd4b844d6d80,
        type: 3}
      propertyPath: m_textInfo.wordCount
      value: 6
      objectReference: {fileID: 0}
    - target: {fileID: 3957565292638526862, guid: 80aa466703a679343a19fd4b844d6d80,
        type: 3}
      propertyPath: m_textInfo.lineCount
      value: 3
      objectReference: {fileID: 0}
    - target: {fileID: 3957565292638526862, guid: 80aa466703a679343a19fd4b844d6d80,
        type: 3}
      propertyPath: m_textInfo.pageCount
      value: 1
      objectReference: {fileID: 0}
    - target: {fileID: 3957565292638526862, guid: 80aa466703a679343a19fd4b844d6d80,
        type: 3}
      propertyPath: m_text
      value: "Quale delle seguenti contribuisce\r\nall'inquinamento idrico..."
      objectReference: {fileID: 0}
    - target: {fileID: 3957565292638526862, guid: 80aa466703a679343a19fd4b844d6d80,
        type: 3}
      propertyPath: m_fontSizeMin
      value: 30
      objectReference: {fileID: 0}
    - target: {fileID: 3957565292638526862, guid: 80aa466703a679343a19fd4b844d6d80,
        type: 3}
      propertyPath: m_fontSize
      value: 30
      objectReference: {fileID: 0}
    - target: {fileID: 3957565292638526862, guid: 80aa466703a679343a19fd4b844d6d80,
        type: 3}
      propertyPath: m_firstOverflowCharacterIndex
      value: 21
      objectReference: {fileID: 0}
    - target: {fileID: 3957565292638526863, guid: 80aa466703a679343a19fd4b844d6d80,
        type: 3}
      propertyPath: m_AnchoredPosition.y
      value: -126
      objectReference: {fileID: 0}
    - target: {fileID: 3957565292760954055, guid: 80aa466703a679343a19fd4b844d6d80,
        type: 3}
      propertyPath: m_OnClick.m_PersistentCalls.m_Calls.Array.size
      value: 1
      objectReference: {fileID: 0}
    - target: {fileID: 3957565292760954055, guid: 80aa466703a679343a19fd4b844d6d80,
        type: 3}
      propertyPath: m_OnClick.m_PersistentCalls.m_Calls.Array.data[0].m_Mode
      value: 1
      objectReference: {fileID: 0}
    - target: {fileID: 3957565292760954055, guid: 80aa466703a679343a19fd4b844d6d80,
        type: 3}
      propertyPath: m_OnClick.m_PersistentCalls.m_Calls.Array.data[0].m_CallState
      value: 2
      objectReference: {fileID: 0}
    - target: {fileID: 3957565292760954055, guid: 80aa466703a679343a19fd4b844d6d80,
        type: 3}
      propertyPath: m_OnClick.m_PersistentCalls.m_Calls.Array.data[0].m_Target
      value: 
      objectReference: {fileID: 173601758}
    - target: {fileID: 3957565292760954055, guid: 80aa466703a679343a19fd4b844d6d80,
        type: 3}
      propertyPath: m_OnClick.m_PersistentCalls.m_Calls.Array.data[0].m_MethodName
      value: OnAnswerClick
      objectReference: {fileID: 0}
    - target: {fileID: 3957565292760954055, guid: 80aa466703a679343a19fd4b844d6d80,
        type: 3}
      propertyPath: m_OnClick.m_PersistentCalls.m_Calls.Array.data[0].m_Arguments.m_ObjectArgumentAssemblyTypeName
      value: UnityEngine.Object, UnityEngine
      objectReference: {fileID: 0}
    - target: {fileID: 3957565292929457843, guid: 80aa466703a679343a19fd4b844d6d80,
        type: 3}
      propertyPath: m_OnClick.m_PersistentCalls.m_Calls.Array.size
      value: 1
      objectReference: {fileID: 0}
    - target: {fileID: 3957565292929457843, guid: 80aa466703a679343a19fd4b844d6d80,
        type: 3}
      propertyPath: m_OnClick.m_PersistentCalls.m_Calls.Array.data[0].m_Mode
      value: 1
      objectReference: {fileID: 0}
    - target: {fileID: 3957565292929457843, guid: 80aa466703a679343a19fd4b844d6d80,
        type: 3}
      propertyPath: m_OnClick.m_PersistentCalls.m_Calls.Array.data[0].m_CallState
      value: 2
      objectReference: {fileID: 0}
    - target: {fileID: 3957565292929457843, guid: 80aa466703a679343a19fd4b844d6d80,
        type: 3}
      propertyPath: m_OnClick.m_PersistentCalls.m_Calls.Array.data[0].m_Target
      value: 
      objectReference: {fileID: 173601760}
    - target: {fileID: 3957565292929457843, guid: 80aa466703a679343a19fd4b844d6d80,
        type: 3}
      propertyPath: m_OnClick.m_PersistentCalls.m_Calls.Array.data[0].m_MethodName
      value: OnAnswerClick
      objectReference: {fileID: 0}
    - target: {fileID: 3957565292929457843, guid: 80aa466703a679343a19fd4b844d6d80,
        type: 3}
      propertyPath: m_OnClick.m_PersistentCalls.m_Calls.Array.data[0].m_Arguments.m_ObjectArgumentAssemblyTypeName
      value: UnityEngine.Object, UnityEngine
      objectReference: {fileID: 0}
    - target: {fileID: 3957565292987831400, guid: 80aa466703a679343a19fd4b844d6d80,
        type: 3}
      propertyPath: m_OnClick.m_PersistentCalls.m_Calls.Array.size
      value: 1
      objectReference: {fileID: 0}
    - target: {fileID: 3957565292987831400, guid: 80aa466703a679343a19fd4b844d6d80,
        type: 3}
      propertyPath: m_OnClick.m_PersistentCalls.m_Calls.Array.data[0].m_Mode
      value: 1
      objectReference: {fileID: 0}
    - target: {fileID: 3957565292987831400, guid: 80aa466703a679343a19fd4b844d6d80,
        type: 3}
      propertyPath: m_OnClick.m_PersistentCalls.m_Calls.Array.data[0].m_CallState
      value: 2
      objectReference: {fileID: 0}
    - target: {fileID: 3957565292987831400, guid: 80aa466703a679343a19fd4b844d6d80,
        type: 3}
      propertyPath: m_OnClick.m_PersistentCalls.m_Calls.Array.data[0].m_Target
      value: 
      objectReference: {fileID: 173601757}
    - target: {fileID: 3957565292987831400, guid: 80aa466703a679343a19fd4b844d6d80,
        type: 3}
      propertyPath: m_OnClick.m_PersistentCalls.m_Calls.Array.data[0].m_MethodName
      value: OnAnswerClick
      objectReference: {fileID: 0}
    - target: {fileID: 3957565292987831400, guid: 80aa466703a679343a19fd4b844d6d80,
        type: 3}
      propertyPath: m_OnClick.m_PersistentCalls.m_Calls.Array.data[0].m_Arguments.m_ObjectArgumentAssemblyTypeName
      value: UnityEngine.Object, UnityEngine
      objectReference: {fileID: 0}
    m_RemovedComponents: []
  m_SourcePrefab: {fileID: 100100000, guid: 80aa466703a679343a19fd4b844d6d80, type: 3}
--- !u!1 &173601753 stripped
GameObject:
  m_CorrespondingSourceObject: {fileID: 3957565292987831404, guid: 80aa466703a679343a19fd4b844d6d80,
    type: 3}
  m_PrefabInstance: {fileID: 173601752}
  m_PrefabAsset: {fileID: 0}
--- !u!1 &173601754 stripped
GameObject:
  m_CorrespondingSourceObject: {fileID: 3957565292760954059, guid: 80aa466703a679343a19fd4b844d6d80,
    type: 3}
  m_PrefabInstance: {fileID: 173601752}
  m_PrefabAsset: {fileID: 0}
--- !u!1 &173601755 stripped
GameObject:
  m_CorrespondingSourceObject: {fileID: 3957565291425812564, guid: 80aa466703a679343a19fd4b844d6d80,
    type: 3}
  m_PrefabInstance: {fileID: 173601752}
  m_PrefabAsset: {fileID: 0}
--- !u!1 &173601756 stripped
GameObject:
  m_CorrespondingSourceObject: {fileID: 3957565292929457847, guid: 80aa466703a679343a19fd4b844d6d80,
    type: 3}
  m_PrefabInstance: {fileID: 173601752}
  m_PrefabAsset: {fileID: 0}
--- !u!114 &173601757
MonoBehaviour:
  m_ObjectHideFlags: 0
  m_CorrespondingSourceObject: {fileID: 0}
  m_PrefabInstance: {fileID: 0}
  m_PrefabAsset: {fileID: 0}
  m_GameObject: {fileID: 173601753}
  m_Enabled: 1
  m_EditorHideFlags: 0
  m_Script: {fileID: 11500000, guid: c252a89c87721594f82e88bb4722faab, type: 3}
  m_Name: 
  m_EditorClassIdentifier: 
  expToAdd: 10
--- !u!114 &173601758
MonoBehaviour:
  m_ObjectHideFlags: 0
  m_CorrespondingSourceObject: {fileID: 0}
  m_PrefabInstance: {fileID: 0}
  m_PrefabAsset: {fileID: 0}
  m_GameObject: {fileID: 173601754}
  m_Enabled: 1
  m_EditorHideFlags: 0
  m_Script: {fileID: 11500000, guid: c252a89c87721594f82e88bb4722faab, type: 3}
  m_Name: 
  m_EditorClassIdentifier: 
  expToAdd: 10
--- !u!114 &173601759
MonoBehaviour:
  m_ObjectHideFlags: 0
  m_CorrespondingSourceObject: {fileID: 0}
  m_PrefabInstance: {fileID: 0}
  m_PrefabAsset: {fileID: 0}
  m_GameObject: {fileID: 173601755}
  m_Enabled: 1
  m_EditorHideFlags: 0
  m_Script: {fileID: 11500000, guid: c252a89c87721594f82e88bb4722faab, type: 3}
  m_Name: 
  m_EditorClassIdentifier: 
  expToAdd: 10
--- !u!114 &173601760
MonoBehaviour:
  m_ObjectHideFlags: 0
  m_CorrespondingSourceObject: {fileID: 0}
  m_PrefabInstance: {fileID: 0}
  m_PrefabAsset: {fileID: 0}
  m_GameObject: {fileID: 173601756}
  m_Enabled: 1
  m_EditorHideFlags: 0
  m_Script: {fileID: 11500000, guid: a2cc96cffe4261c448a71ba49b3346b7, type: 3}
  m_Name: 
  m_EditorClassIdentifier: 
  expToAdd: 10
--- !u!1001 &1638509203
PrefabInstance:
  m_ObjectHideFlags: 0
  serializedVersion: 2
  m_Modification:
    m_TransformParent: {fileID: 0}
    m_Modifications:
    - target: {fileID: 2023911453131875142, guid: e55f714352f8a694c8f759b174b983d4,
        type: 3}
      propertyPath: m_LocalPosition.x
      value: 0
      objectReference: {fileID: 0}
    - target: {fileID: 2023911453131875142, guid: e55f714352f8a694c8f759b174b983d4,
        type: 3}
      propertyPath: m_LocalPosition.y
      value: 1
      objectReference: {fileID: 0}
    - target: {fileID: 2023911453131875142, guid: e55f714352f8a694c8f759b174b983d4,
        type: 3}
      propertyPath: m_LocalPosition.z
      value: -10
      objectReference: {fileID: 0}
    - target: {fileID: 2023911453131875142, guid: e55f714352f8a694c8f759b174b983d4,
        type: 3}
      propertyPath: m_LocalRotation.x
      value: 0
      objectReference: {fileID: 0}
    - target: {fileID: 2023911453131875142, guid: e55f714352f8a694c8f759b174b983d4,
        type: 3}
      propertyPath: m_LocalRotation.y
      value: 0
      objectReference: {fileID: 0}
    - target: {fileID: 2023911453131875142, guid: e55f714352f8a694c8f759b174b983d4,
        type: 3}
      propertyPath: m_LocalRotation.z
      value: 0
      objectReference: {fileID: 0}
    - target: {fileID: 2023911453131875142, guid: e55f714352f8a694c8f759b174b983d4,
        type: 3}
      propertyPath: m_LocalRotation.w
      value: 1
      objectReference: {fileID: 0}
    - target: {fileID: 2023911453131875142, guid: e55f714352f8a694c8f759b174b983d4,
        type: 3}
      propertyPath: m_RootOrder
      value: 2
      objectReference: {fileID: 0}
    - target: {fileID: 2023911453131875142, guid: e55f714352f8a694c8f759b174b983d4,
        type: 3}
      propertyPath: m_LocalEulerAnglesHint.x
      value: 0
      objectReference: {fileID: 0}
    - target: {fileID: 2023911453131875142, guid: e55f714352f8a694c8f759b174b983d4,
        type: 3}
      propertyPath: m_LocalEulerAnglesHint.y
      value: 0
      objectReference: {fileID: 0}
    - target: {fileID: 2023911453131875142, guid: e55f714352f8a694c8f759b174b983d4,
        type: 3}
      propertyPath: m_LocalEulerAnglesHint.z
      value: 0
      objectReference: {fileID: 0}
    - target: {fileID: 2023911453131875147, guid: e55f714352f8a694c8f759b174b983d4,
        type: 3}
      propertyPath: m_Name
      value: Main Camera
      objectReference: {fileID: 0}
    m_RemovedComponents: []
  m_SourcePrefab: {fileID: 100100000, guid: e55f714352f8a694c8f759b174b983d4, type: 3}
